@article{turing:1950,
  title={Computing machinery and intelligence},
  author={Turing, Alan M},
  journal={Mind},
  volume={59},
  number={236},
  pages={433--460},
  year={1950},
}

@article{turing:1936,
  title={On computable numbers, with an application to the Entscheidungsproblem},
  author={Turing, Alan M},
  journal={Proceedings of the London mathematical society},
  volume={42},
  number={2},
  pages={230--265},
  year={1936},
}

@inproceedings{10.1145/1029632.1029640,
author = {Kristensson, Per-Ola and Zhai, Shumin},
title = {SHARK2: A Large Vocabulary Shorthand Writing System for Pen-Based Computers},
year = {2004},
booktitle = {Proceedings of the 17th Annual ACM Symposium on User Interface Software and Technology},
pages = {43â€“52},
}